%YAML 1.1
%TAG !u! tag:unity3d.com,2011:
--- !u!1 &6858484465204095672
GameObject:
  m_ObjectHideFlags: 0
  m_CorrespondingSourceObject: {fileID: 0}
  m_PrefabInstance: {fileID: 0}
  m_PrefabAsset: {fileID: 0}
  serializedVersion: 6
  m_Component:
  - component: {fileID: 6858484465204095673}
  - component: {fileID: 3341205529480949611}
  m_Layer: 0
  m_Name: Core
  m_TagString: Untagged
  m_Icon: {fileID: 0}
  m_NavMeshLayer: 0
  m_StaticEditorFlags: 0
  m_IsActive: 1
--- !u!4 &6858484465204095673
Transform:
  m_ObjectHideFlags: 0
  m_CorrespondingSourceObject: {fileID: 0}
  m_PrefabInstance: {fileID: 0}
  m_PrefabAsset: {fileID: 0}
  m_GameObject: {fileID: 6858484465204095672}
  m_LocalRotation: {x: 0, y: 0, z: 0, w: 1}
  m_LocalPosition: {x: 0, y: 0, z: 0}
  m_LocalScale: {x: 1, y: 1, z: 1}
  m_Children:
  - {fileID: 6858484465482580985}
  - {fileID: 6858484466693390582}
  - {fileID: 6858484466299632707}
  - {fileID: 6858484465578201695}
  - {fileID: 431505308289097007}
  m_Father: {fileID: 0}
  m_RootOrder: 0
  m_LocalEulerAnglesHint: {x: 0, y: 0, z: 0}
--- !u!114 &3341205529480949611
MonoBehaviour:
  m_ObjectHideFlags: 0
  m_CorrespondingSourceObject: {fileID: 0}
  m_PrefabInstance: {fileID: 0}
  m_PrefabAsset: {fileID: 0}
  m_GameObject: {fileID: 6858484465204095672}
  m_Enabled: 1
  m_EditorHideFlags: 0
  m_Script: {fileID: 11500000, guid: ad5f26ea7d55b2248914ec1c3f27a79b, type: 3}
  m_Name: 
  m_EditorClassIdentifier: 
  persistentObjectPrefab: {fileID: 1595469920252816112, guid: cd345c48fed3a7b46a8872a3c3098abc,
    type: 3}
--- !u!1 &6858484465482580987
GameObject:
  m_ObjectHideFlags: 0
  m_CorrespondingSourceObject: {fileID: 0}
  m_PrefabInstance: {fileID: 0}
  m_PrefabAsset: {fileID: 0}
  serializedVersion: 6
  m_Component:
  - component: {fileID: 6858484465482580985}
  - component: {fileID: 6858484465482580984}
  m_Layer: 0
  m_Name: Directional Light
  m_TagString: Untagged
  m_Icon: {fileID: 0}
  m_NavMeshLayer: 0
  m_StaticEditorFlags: 0
  m_IsActive: 1
--- !u!4 &6858484465482580985
Transform:
  m_ObjectHideFlags: 0
  m_CorrespondingSourceObject: {fileID: 0}
  m_PrefabInstance: {fileID: 0}
  m_PrefabAsset: {fileID: 0}
  m_GameObject: {fileID: 6858484465482580987}
  m_LocalRotation: {x: -0.22081736, y: 0.77275455, z: -0.36034134, w: -0.4735444}
  m_LocalPosition: {x: 0.8, y: 22.9, z: 7.8}
  m_LocalScale: {x: 1, y: 1, z: 1}
  m_Children: []
  m_Father: {fileID: 6858484465204095673}
  m_RootOrder: 0
  m_LocalEulerAnglesHint: {x: 50, y: 243, z: 0}
--- !u!108 &6858484465482580984
Light:
  m_ObjectHideFlags: 0
  m_CorrespondingSourceObject: {fileID: 0}
  m_PrefabInstance: {fileID: 0}
  m_PrefabAsset: {fileID: 0}
  m_GameObject: {fileID: 6858484465482580987}
  m_Enabled: 1
  serializedVersion: 8
  m_Type: 1
  m_Color: {r: 1, g: 0.95686275, b: 0.8392157, a: 1}
  m_Intensity: 1
  m_Range: 10
  m_SpotAngle: 30
  m_CookieSize: 10
  m_Shadows:
    m_Type: 2
    m_Resolution: -1
    m_CustomResolution: -1
    m_Strength: 1
    m_Bias: 0.05
    m_NormalBias: 0.4
    m_NearPlane: 0.2
  m_Cookie: {fileID: 0}
  m_DrawHalo: 0
  m_Flare: {fileID: 0}
  m_RenderMode: 0
  m_CullingMask:
    serializedVersion: 2
    m_Bits: 4294967295
  m_Lightmapping: 1
  m_LightShadowCasterMode: 0
  m_AreaSize: {x: 1, y: 1}
  m_BounceIntensity: 1
  m_ColorTemperature: 6570
  m_UseColorTemperature: 0
  m_ShadowRadius: 0
  m_ShadowAngle: 0
--- !u!1001 &162503531275003384
PrefabInstance:
  m_ObjectHideFlags: 0
  serializedVersion: 2
  m_Modification:
    m_TransformParent: {fileID: 6858484465204095673}
    m_Modifications:
    - target: {fileID: 6732722361880435130, guid: 110a78282ceeda846aa2cc7bc49a0732,
        type: 3}
      propertyPath: m_Name
      value: CM vcam1
      objectReference: {fileID: 0}
    - target: {fileID: 6732722361880435131, guid: 110a78282ceeda846aa2cc7bc49a0732,
        type: 3}
      propertyPath: m_LocalPosition.x
      value: 9.304929
      objectReference: {fileID: 0}
    - target: {fileID: 6732722361880435131, guid: 110a78282ceeda846aa2cc7bc49a0732,
        type: 3}
      propertyPath: m_LocalPosition.y
      value: 9.422065
      objectReference: {fileID: 0}
    - target: {fileID: 6732722361880435131, guid: 110a78282ceeda846aa2cc7bc49a0732,
        type: 3}
      propertyPath: m_LocalPosition.z
      value: 11.17909
      objectReference: {fileID: 0}
    - target: {fileID: 6732722361880435131, guid: 110a78282ceeda846aa2cc7bc49a0732,
        type: 3}
      propertyPath: m_LocalRotation.x
      value: 0.09642202
      objectReference: {fileID: 0}
    - target: {fileID: 6732722361880435131, guid: 110a78282ceeda846aa2cc7bc49a0732,
        type: 3}
      propertyPath: m_LocalRotation.y
      value: -0.9017974
      objectReference: {fileID: 0}
    - target: {fileID: 6732722361880435131, guid: 110a78282ceeda846aa2cc7bc49a0732,
        type: 3}
      propertyPath: m_LocalRotation.z
      value: 0.26656738
      objectReference: {fileID: 0}
    - target: {fileID: 6732722361880435131, guid: 110a78282ceeda846aa2cc7bc49a0732,
        type: 3}
      propertyPath: m_LocalRotation.w
      value: 0.32619965
      objectReference: {fileID: 0}
    - target: {fileID: 6732722361880435131, guid: 110a78282ceeda846aa2cc7bc49a0732,
        type: 3}
      propertyPath: m_RootOrder
      value: 2
      objectReference: {fileID: 0}
    - target: {fileID: 6732722361880435131, guid: 110a78282ceeda846aa2cc7bc49a0732,
        type: 3}
      propertyPath: m_LocalEulerAnglesHint.x
      value: 0
      objectReference: {fileID: 0}
    - target: {fileID: 6732722361880435131, guid: 110a78282ceeda846aa2cc7bc49a0732,
        type: 3}
      propertyPath: m_LocalEulerAnglesHint.y
      value: 0
      objectReference: {fileID: 0}
    - target: {fileID: 6732722361880435131, guid: 110a78282ceeda846aa2cc7bc49a0732,
        type: 3}
      propertyPath: m_LocalEulerAnglesHint.z
      value: 0
      objectReference: {fileID: 0}
    - target: {fileID: 6732722361880435128, guid: 110a78282ceeda846aa2cc7bc49a0732,
        type: 3}
      propertyPath: m_Follow
      value: 
      objectReference: {fileID: 0}
    m_RemovedComponents: []
  m_SourcePrefab: {fileID: 100100000, guid: 110a78282ceeda846aa2cc7bc49a0732, type: 3}
--- !u!4 &6858484466299632707 stripped
Transform:
  m_CorrespondingSourceObject: {fileID: 6732722361880435131, guid: 110a78282ceeda846aa2cc7bc49a0732,
    type: 3}
  m_PrefabInstance: {fileID: 162503531275003384}
  m_PrefabAsset: {fileID: 0}
--- !u!1001 &4839952252865222248
PrefabInstance:
  m_ObjectHideFlags: 0
  serializedVersion: 2
  m_Modification:
    m_TransformParent: {fileID: 6858484465204095673}
    m_Modifications:
    - target: {fileID: 2018964649402221622, guid: eba17f76877150f4f9f4d1710417fd35,
        type: 3}
      propertyPath: m_Name
      value: Fader
      objectReference: {fileID: 0}
    - target: {fileID: 2018964649402221623, guid: eba17f76877150f4f9f4d1710417fd35,
        type: 3}
      propertyPath: m_LocalPosition.x
      value: 0
      objectReference: {fileID: 0}
    - target: {fileID: 2018964649402221623, guid: eba17f76877150f4f9f4d1710417fd35,
        type: 3}
      propertyPath: m_LocalPosition.y
      value: 0
      objectReference: {fileID: 0}
    - target: {fileID: 2018964649402221623, guid: eba17f76877150f4f9f4d1710417fd35,
        type: 3}
      propertyPath: m_LocalPosition.z
      value: 0
      objectReference: {fileID: 0}
    - target: {fileID: 2018964649402221623, guid: eba17f76877150f4f9f4d1710417fd35,
        type: 3}
      propertyPath: m_LocalRotation.x
      value: 0
      objectReference: {fileID: 0}
    - target: {fileID: 2018964649402221623, guid: eba17f76877150f4f9f4d1710417fd35,
        type: 3}
      propertyPath: m_LocalRotation.y
      value: 0
      objectReference: {fileID: 0}
    - target: {fileID: 2018964649402221623, guid: eba17f76877150f4f9f4d1710417fd35,
        type: 3}
      propertyPath: m_LocalRotation.z
      value: 0
      objectReference: {fileID: 0}
    - target: {fileID: 2018964649402221623, guid: eba17f76877150f4f9f4d1710417fd35,
        type: 3}
      propertyPath: m_LocalRotation.w
      value: 1
      objectReference: {fileID: 0}
    - target: {fileID: 2018964649402221623, guid: eba17f76877150f4f9f4d1710417fd35,
        type: 3}
      propertyPath: m_RootOrder
      value: 3
      objectReference: {fileID: 0}
    - target: {fileID: 2018964649402221623, guid: eba17f76877150f4f9f4d1710417fd35,
        type: 3}
      propertyPath: m_LocalEulerAnglesHint.x
      value: 0
      objectReference: {fileID: 0}
    - target: {fileID: 2018964649402221623, guid: eba17f76877150f4f9f4d1710417fd35,
        type: 3}
      propertyPath: m_LocalEulerAnglesHint.y
      value: 0
      objectReference: {fileID: 0}
    - target: {fileID: 2018964649402221623, guid: eba17f76877150f4f9f4d1710417fd35,
        type: 3}
      propertyPath: m_LocalEulerAnglesHint.z
      value: 0
      objectReference: {fileID: 0}
    - target: {fileID: 2018964649402221623, guid: eba17f76877150f4f9f4d1710417fd35,
        type: 3}
      propertyPath: m_AnchoredPosition.x
      value: 0
      objectReference: {fileID: 0}
    - target: {fileID: 2018964649402221623, guid: eba17f76877150f4f9f4d1710417fd35,
        type: 3}
      propertyPath: m_AnchoredPosition.y
      value: 0
      objectReference: {fileID: 0}
    - target: {fileID: 2018964649402221623, guid: eba17f76877150f4f9f4d1710417fd35,
        type: 3}
      propertyPath: m_SizeDelta.x
      value: 0
      objectReference: {fileID: 0}
    - target: {fileID: 2018964649402221623, guid: eba17f76877150f4f9f4d1710417fd35,
        type: 3}
      propertyPath: m_SizeDelta.y
      value: 0
      objectReference: {fileID: 0}
    - target: {fileID: 2018964649402221623, guid: eba17f76877150f4f9f4d1710417fd35,
        type: 3}
      propertyPath: m_AnchorMin.x
      value: 0
      objectReference: {fileID: 0}
    - target: {fileID: 2018964649402221623, guid: eba17f76877150f4f9f4d1710417fd35,
        type: 3}
      propertyPath: m_AnchorMin.y
      value: 0
      objectReference: {fileID: 0}
    - target: {fileID: 2018964649402221623, guid: eba17f76877150f4f9f4d1710417fd35,
        type: 3}
      propertyPath: m_AnchorMax.x
      value: 0
      objectReference: {fileID: 0}
    - target: {fileID: 2018964649402221623, guid: eba17f76877150f4f9f4d1710417fd35,
        type: 3}
      propertyPath: m_AnchorMax.y
      value: 0
      objectReference: {fileID: 0}
    - target: {fileID: 2018964649402221623, guid: eba17f76877150f4f9f4d1710417fd35,
        type: 3}
      propertyPath: m_Pivot.x
      value: 0
      objectReference: {fileID: 0}
    - target: {fileID: 2018964649402221623, guid: eba17f76877150f4f9f4d1710417fd35,
        type: 3}
      propertyPath: m_Pivot.y
      value: 0
      objectReference: {fileID: 0}
    m_RemovedComponents: []
  m_SourcePrefab: {fileID: 100100000, guid: eba17f76877150f4f9f4d1710417fd35, type: 3}
--- !u!224 &6858484465578201695 stripped
RectTransform:
  m_CorrespondingSourceObject: {fileID: 2018964649402221623, guid: eba17f76877150f4f9f4d1710417fd35,
    type: 3}
  m_PrefabInstance: {fileID: 4839952252865222248}
  m_PrefabAsset: {fileID: 0}
--- !u!1001 &5860325627704243642
PrefabInstance:
  m_ObjectHideFlags: 0
  serializedVersion: 2
  m_Modification:
    m_TransformParent: {fileID: 6858484465204095673}
    m_Modifications:
    - target: {fileID: 1043203795676738899, guid: 3b35c40edbce3c148bb4edfc3f044b26,
        type: 3}
      propertyPath: m_Name
      value: Camera
      objectReference: {fileID: 0}
    - target: {fileID: 1043203795676738892, guid: 3b35c40edbce3c148bb4edfc3f044b26,
        type: 3}
      propertyPath: m_LocalPosition.x
      value: 9.304929
      objectReference: {fileID: 0}
    - target: {fileID: 1043203795676738892, guid: 3b35c40edbce3c148bb4edfc3f044b26,
        type: 3}
      propertyPath: m_LocalPosition.y
      value: 9.422065
      objectReference: {fileID: 0}
    - target: {fileID: 1043203795676738892, guid: 3b35c40edbce3c148bb4edfc3f044b26,
        type: 3}
      propertyPath: m_LocalPosition.z
      value: 11.17909
      objectReference: {fileID: 0}
    - target: {fileID: 1043203795676738892, guid: 3b35c40edbce3c148bb4edfc3f044b26,
        type: 3}
      propertyPath: m_LocalRotation.x
      value: 0.09642202
      objectReference: {fileID: 0}
    - target: {fileID: 1043203795676738892, guid: 3b35c40edbce3c148bb4edfc3f044b26,
        type: 3}
      propertyPath: m_LocalRotation.y
      value: -0.9017974
      objectReference: {fileID: 0}
    - target: {fileID: 1043203795676738892, guid: 3b35c40edbce3c148bb4edfc3f044b26,
        type: 3}
      propertyPath: m_LocalRotation.z
      value: 0.26656738
      objectReference: {fileID: 0}
    - target: {fileID: 1043203795676738892, guid: 3b35c40edbce3c148bb4edfc3f044b26,
        type: 3}
      propertyPath: m_LocalRotation.w
      value: 0.32619965
      objectReference: {fileID: 0}
    - target: {fileID: 1043203795676738892, guid: 3b35c40edbce3c148bb4edfc3f044b26,
        type: 3}
      propertyPath: m_RootOrder
      value: 1
      objectReference: {fileID: 0}
    - target: {fileID: 1043203795676738892, guid: 3b35c40edbce3c148bb4edfc3f044b26,
        type: 3}
      propertyPath: m_LocalEulerAnglesHint.x
      value: 0
      objectReference: {fileID: 0}
    - target: {fileID: 1043203795676738892, guid: 3b35c40edbce3c148bb4edfc3f044b26,
        type: 3}
      propertyPath: m_LocalEulerAnglesHint.y
      value: 0
      objectReference: {fileID: 0}
    - target: {fileID: 1043203795676738892, guid: 3b35c40edbce3c148bb4edfc3f044b26,
        type: 3}
      propertyPath: m_LocalEulerAnglesHint.z
      value: 0
      objectReference: {fileID: 0}
    m_RemovedComponents: []
  m_SourcePrefab: {fileID: 100100000, guid: 3b35c40edbce3c148bb4edfc3f044b26, type: 3}
--- !u!4 &6858484466693390582 stripped
Transform:
  m_CorrespondingSourceObject: {fileID: 1043203795676738892, guid: 3b35c40edbce3c148bb4edfc3f044b26,
    type: 3}
  m_PrefabInstance: {fileID: 5860325627704243642}
  m_PrefabAsset: {fileID: 0}
--- !u!1001 &6795541740299748229
PrefabInstance:
  m_ObjectHideFlags: 0
  serializedVersion: 2
  m_Modification:
    m_TransformParent: {fileID: 6858484465204095673}
    m_Modifications:
    - target: {fileID: 6954879901940724431, guid: 663c8576c01fdde46b7ebb8bca3c1cb6,
        type: 3}
      propertyPath: m_Name
      value: Player
      objectReference: {fileID: 0}
    - target: {fileID: 6607799900458213034, guid: 663c8576c01fdde46b7ebb8bca3c1cb6,
        type: 3}
      propertyPath: m_LocalPosition.x
      value: 45.92
      objectReference: {fileID: 0}
    - target: {fileID: 6607799900458213034, guid: 663c8576c01fdde46b7ebb8bca3c1cb6,
        type: 3}
      propertyPath: m_LocalPosition.y
      value: 0.05
      objectReference: {fileID: 0}
    - target: {fileID: 6607799900458213034, guid: 663c8576c01fdde46b7ebb8bca3c1cb6,
        type: 3}
      propertyPath: m_LocalPosition.z
      value: 60.86
      objectReference: {fileID: 0}
    - target: {fileID: 6607799900458213034, guid: 663c8576c01fdde46b7ebb8bca3c1cb6,
        type: 3}
      propertyPath: m_LocalRotation.x
      value: -0
      objectReference: {fileID: 0}
    - target: {fileID: 6607799900458213034, guid: 663c8576c01fdde46b7ebb8bca3c1cb6,
        type: 3}
      propertyPath: m_LocalRotation.y
      value: -0
      objectReference: {fileID: 0}
    - target: {fileID: 6607799900458213034, guid: 663c8576c01fdde46b7ebb8bca3c1cb6,
        type: 3}
      propertyPath: m_LocalRotation.z
      value: -0
      objectReference: {fileID: 0}
    - target: {fileID: 6607799900458213034, guid: 663c8576c01fdde46b7ebb8bca3c1cb6,
        type: 3}
      propertyPath: m_LocalRotation.w
      value: 1
      objectReference: {fileID: 0}
    - target: {fileID: 6607799900458213034, guid: 663c8576c01fdde46b7ebb8bca3c1cb6,
        type: 3}
      propertyPath: m_RootOrder
      value: 4
      objectReference: {fileID: 0}
    - target: {fileID: 6607799900458213034, guid: 663c8576c01fdde46b7ebb8bca3c1cb6,
        type: 3}
      propertyPath: m_LocalEulerAnglesHint.x
      value: 0
      objectReference: {fileID: 0}
    - target: {fileID: 6607799900458213034, guid: 663c8576c01fdde46b7ebb8bca3c1cb6,
        type: 3}
      propertyPath: m_LocalEulerAnglesHint.y
      value: 0
      objectReference: {fileID: 0}
    - target: {fileID: 6607799900458213034, guid: 663c8576c01fdde46b7ebb8bca3c1cb6,
        type: 3}
      propertyPath: m_LocalEulerAnglesHint.z
      value: 0
      objectReference: {fileID: 0}
    m_RemovedComponents: []
  m_SourcePrefab: {fileID: 100100000, guid: 663c8576c01fdde46b7ebb8bca3c1cb6, type: 3}
--- !u!4 &431505308289097007 stripped
Transform:
  m_CorrespondingSourceObject: {fileID: 6607799900458213034, guid: 663c8576c01fdde46b7ebb8bca3c1cb6,
    type: 3}
  m_PrefabInstance: {fileID: 6795541740299748229}
  m_PrefabAsset: {fileID: 0}
